@inproceedings{amer2000optimizing,
  title={Optimizing Queries on Compressed Bitmaps.},
  author={Amer-Yahia, Sihem and Johnson, Theodore},
  booktitle={VLDB},
  pages={329--338},
  year={2000},
  organization={Citeseer}
}

@inproceedings{antoshenkov1995byte,
  title={Byte-aligned bitmap compression},
  author={Antoshenkov, Gennady},
  booktitle={Data Compression Conference, 1995. DCC'95. Proceedings},
  pages={476},
  year={1995},
  organization={IEEE}
}